<record><leader>00000cas a22000007a 4500</leader><controlfield tag="001">9819721</controlfield><controlfield tag="008">830818d18961905inuuu ne      0   a0eng d</controlfield><datafield ind1=" " ind2=" " tag="010"><subfield code="a">sn 83025817 </subfield></datafield><datafield ind1=" " ind2=" " tag="040"><subfield code="a">NPV</subfield><subfield code="b">eng</subfield><subfield code="c">NPV</subfield><subfield code="d">NPI</subfield><subfield code="d">OCLCQ</subfield></datafield><datafield ind1=" " ind2=" " tag="042"><subfield code="a">msc</subfield></datafield><datafield ind1=" " ind2=" " tag="043"><subfield code="a">n-us-in</subfield></datafield><datafield ind1=" " ind2=" " tag="045"><subfield code="a">w8x0</subfield></datafield><datafield ind1=" " ind2=" " tag="052"><subfield code="a">4093</subfield><subfield code="b">W8</subfield></datafield><datafield ind1="0" ind2="0" tag="245"><subfield code="a">White County national.</subfield></datafield><datafield ind1=" " ind2=" " tag="260"><subfield code="a">Monticello, Ind. :</subfield><subfield code="b">J.C. Smith</subfield></datafield><datafield ind1=" " ind2=" " tag="300"><subfield code="a">v. ;</subfield><subfield code="c">52 cm.</subfield></datafield><datafield ind1="1" ind2=" " tag="362"><subfield code="a">Began in 1896; ceased in 1905.</subfield></datafield><datafield ind1=" " ind2=" " tag="500"><subfield code="a">Populist.</subfield></datafield><datafield ind1=" " ind2=" " tag="588"><subfield code="a">Description based on: Vol. 8, no. 24 (Sept. 3, 1904).</subfield></datafield><datafield ind1=" " ind2=" " tag="752"><subfield code="a">United States</subfield><subfield code="b">Indiana</subfield><subfield code="c">White</subfield><subfield code="d">Monticello.</subfield></datafield></record>